@electronic{b1,
  author        = "Robin Fairbairns",
  title         = "The {{\TeX}} {FAQ}",
  url           = "http://www.tex.ac.uk/cgi-bin/texfaq2html/",
  month         = jan,
  year          = "2007"
}

